@inproceedings{parmar2018,
  author={Parmar, I. and others},
  title={Stock Market Prediction Using Machine Learning},
  booktitle={2018 First International Conference on Secure Cyber Computing and Communication (ICSCCC)},
  year={2018},
  month={Dec},
  doi={10.1109/icsccc.2018.8703332},
}

@misc{johnson2023,
  title={Machine Learning for Financial Market Forecasting Terms of Use},
  howpublished={Available online},
  note={\url{https://dash.harvard.edu/bitstream/handle/1/37375052/JOHNSON-DOCUMENT-2023.pdf?sequence=1&isAllowed=y}},
}

@misc{madge2015,
  author={Madge, S. and Bhatt, S.},
  title={Predicting Stock Price Direction using Support Vector Machines},
  year={2015},
  howpublished={Available online},
  note={\url{https://www.cs.princeton.edu/sites/default/files/uploads/saahil_madge.pdf}},
}
